% example.bib
@book{lamport1994latex,
  author    = {Leslie Lamport},
  title     = {LaTeX: A Document Preparation System},
  year      = {1994},
  publisher = {Addison-Wesley},
  address   = {Reading, MA},
}
